@article{dehnen_nbody_2011,
author = "W.~Dehnen and  J.~Read",
title = "{N-body simulations of gravitational dynamics}",
journal = "The European Physical Journal Plus",
volume = "126",
number = "55",
pages = "1--28",
year = "2011",
}
